<record><leader>00000cas a2200000 a 4500</leader><controlfield tag="001">13109417</controlfield><controlfield tag="008">860205d18381848pauwr ne      0    0eng c</controlfield><datafield ind1=" " ind2=" " tag="010"><subfield code="a">sn 86053548 </subfield></datafield><datafield ind1=" " ind2=" " tag="040"><subfield code="a">NPH</subfield><subfield code="b">eng</subfield><subfield code="c">NPH</subfield><subfield code="d">NPX</subfield><subfield code="d">NPH</subfield><subfield code="d">NST</subfield><subfield code="d">ATL</subfield><subfield code="d">OCL</subfield><subfield code="d">ZCU</subfield><subfield code="d">DLC</subfield><subfield code="d">OCLCQ</subfield><subfield code="d">OCLCF</subfield><subfield code="d">OCLCO</subfield><subfield code="d">AQM</subfield></datafield><datafield ind1=" " ind2=" " tag="012"><subfield code="i">9007</subfield></datafield><datafield ind1="1" ind2=" " tag="029"><subfield code="a">AU@</subfield><subfield code="b">000020127736</subfield></datafield><datafield ind1=" " ind2=" " tag="042"><subfield code="a">pcc</subfield></datafield><datafield ind1=" " ind2=" " tag="043"><subfield code="a">n-us---</subfield></datafield><datafield ind1=" " ind2="4" tag="050"><subfield code="a">BX9551</subfield></datafield><datafield ind1="0" ind2=" " tag="130"><subfield code="a">Weekly messenger (Chambersburg, Pa.)</subfield></datafield><datafield ind1="1" ind2="4" tag="245"><subfield code="a">The weekly messenger.</subfield></datafield><datafield ind1="1" ind2="7" tag="246"><subfield code="a">Weekly messenger of the German Reformed Church</subfield></datafield><datafield ind1=" " ind2=" " tag="260"><subfield code="a">Chambersburg, Pa. :</subfield><subfield code="b">Board of Missions of the German Reformed Church,</subfield><subfield code="c">1838-1848.</subfield></datafield><datafield ind1=" " ind2=" " tag="300"><subfield code="a">11 v. ;</subfield><subfield code="c">53 cm.</subfield></datafield><datafield ind1=" " ind2=" " tag="310"><subfield code="a">Weekly</subfield></datafield><datafield ind1="0" ind2=" " tag="362"><subfield code="a">New ser., v. 4, no. 1 (Aug. 22, 1838)-new ser., v. 14, no. 12 (Nov. 29, 1848)= whole no. 157-whole no. 688.</subfield></datafield><datafield ind1=" " ind2=" " tag="500"><subfield code="a">Publisher: Board of Publication of the Synod of the German Reformed Church, Jan. 8, 1845-1848.</subfield></datafield><datafield ind1=" " ind2=" " tag="500"><subfield code="a">Printer: Joseph Pritts, 1838-1839.</subfield></datafield><datafield ind1=" " ind2=" " tag="500"><subfield code="a">Editors: Benjamin S. Schneck, 1838-1840, Nov. 29, 1848; Samuel R. Fisher, Feb. 7, 1844-1848.</subfield></datafield><datafield ind1=" " ind2=" " tag="515"><subfield code="a">None published Dec. 19-26, 1839.</subfield></datafield><datafield ind1=" " ind2=" " tag="530"><subfield code="a">Also issued online and on microfilm by American Theological Library Association.</subfield></datafield><datafield ind1="2" ind2="0" tag="610"><subfield code="a">German Reformed Church (U.S.)</subfield><subfield code="v">Newspapers.</subfield></datafield><datafield ind1="2" ind2="7" tag="610"><subfield code="a">German Reformed Church (U.S.)</subfield><subfield code="2">fast</subfield><subfield code="0">(OCoLC)fst00621691</subfield></datafield><datafield ind1=" " ind2="7" tag="655"><subfield code="a">Newspapers.</subfield><subfield code="2">fast</subfield><subfield code="0">(OCoLC)fst01423814</subfield></datafield><datafield ind1=" " ind2="7" tag="655"><subfield code="a">Ethnic newspapers.</subfield><subfield code="2">local</subfield></datafield><datafield ind1=" " ind2="7" tag="655"><subfield code="a">Religious newspapers.</subfield><subfield code="2">local</subfield></datafield><datafield ind1="2" ind2=" " tag="710"><subfield code="a">German Reformed Church (U.S.).</subfield><subfield code="b">Eastern Synod.</subfield><subfield code="b">Board of Missions.</subfield></datafield><datafield ind1="2" ind2=" " tag="710"><subfield code="a">German Reformed Church (U.S.).</subfield><subfield code="b">Publication Office.</subfield></datafield><datafield ind1=" " ind2=" " tag="752"><subfield code="a">United States</subfield><subfield code="b">Pennsylvania</subfield><subfield code="c">Franklin</subfield><subfield code="d">Chambersburg.</subfield></datafield><datafield ind1="1" ind2=" " tag="776"><subfield code="c">Microfilm</subfield><subfield code="d">American Theological Library Association</subfield><subfield code="w">(DLC)sn 97016135</subfield><subfield code="w">(OCoLC)8892271</subfield></datafield><datafield ind1="1" ind2=" " tag="776"><subfield code="t">Weekly messenger (Chambersburg, Pa. : Online)</subfield><subfield code="w">(DLC)  2006255336</subfield><subfield code="w">(OCoLC)70552399</subfield></datafield><datafield ind1="0" ind2="0" tag="780"><subfield code="t">Weekly messenger of the German Reformed Church</subfield><subfield code="w">(DLC)sn 86053547</subfield><subfield code="w">(OCoLC)13109483</subfield></datafield><datafield ind1="0" ind2="0" tag="785"><subfield code="t">German reformed messenger</subfield><subfield code="x">2161-1637</subfield><subfield code="w">(DLC)sn 87090458</subfield><subfield code="w">(OCoLC)13028622</subfield></datafield><datafield ind1=" " ind2=" " tag="850"><subfield code="a">CtY-D</subfield><subfield code="a">InLP</subfield><subfield code="a">MoU</subfield></datafield><datafield ind1="4" ind2="1" tag="856"><subfield code="u">http://proquest.umi.com/pqdweb?RQT=318&amp;VName=HNP&amp;pmid=42045</subfield></datafield></record>